@article{hart1968formal,
	title={A Formal Basis for the Heuristic Determination of Minimum Cost Paths},
	author={Hart, Peter E. and Nilsson, Nils J. and Raphael, Bertram},
	journal={IEEE Transactions on Systems Science and Cybernetics},
	volume={4},
	number={2},
	pages={100--107},
	year={1968}
}

@book{sutton2018reinforcement,
	title={Reinforcement Learning: An Introduction},
	author={Sutton, Richard S. and Barto, Andrew G.},
	year={2018},
	publisher={MIT Press}
}
